%! Author = fusel
%! Date = 24.07.21

@Book{knuth1990,
    author    = {Knuth, Donald E.},
    title     = {The {\TeX}book },
    year      = {1990},
    isbn      = {0-201-13447-0},
    publisher = {Addison\,\textendash\,Wesley},
}

@online{ns-core-overview,
    author = {OpenJS Foundation},
    title = {How NativeScript Works},
    date = {24.07.2021},
    url = {https://v7.docs.nativescript.org/core-concepts/technical-overview},
}
@online{ns-ios-runtime,
    author = {OpenJS Foundation},
    title = {What is iOS Runtime for NativeScript?},
    date = {24.07.2021},
    url = {https://v7.docs.nativescript.org/core-concepts/ios-runtime/overview},
}